%%%%%%%%%%%%%%%%
% Bibliography
%%%%%%%%%%%%%%%%

%%%
% MT
%%%
@inproceedings{key:2001yamada-syntaxmt,
	author = {Yamada, Kenji and Knight, Kevin},
	title = {A syntax-based statistical translation model},
	booktitle = {ACL},
	year = {2001},
	pages = {523--530},
} 


%%%
% CONVERSATION
%%%
@inproceedings{key:2011artzi-conversation,
  author    = {Artzi, Yoav  and  Zettlemoyer, Luke},
  title     = {Bootstrapping Semantic Parsers from Conversations},
  booktitle = {EMNLP},
  year      = {2011},
  pages     = {421--432},
}

%%%
% MISC
%%%
% rule-to-rule translation
@book{key:1995allen-semantics,
	author    = {Allen, James},
	title     = {Natural Language Understanding},
	publisher = {Benjamin/Cummings},
	address   = {Redwood City, CA},
	year      = {1995},
	page      = {263},
	isbn      = {0-8053-0334-0}
}

@inproceedings{key:2010poon-ontology,
	author = {Poon, Hoifung and Domingos, Pedro},
	title = {Unsupervised ontology induction from text},
	booktitle = {ACL},
	year = {2010},
	pages = {296--305},
	url = {http://portal.acm.org/citation.cfm?id=1858681.1858712},
}

@InProceedings{key:2010sauper-textanalysis,
	author    = {Sauper, Christina  and  Haghighi, Aria  and  Barzilay, Regina},
	title     = {Incorporating Content Structure into Text Analysis Applications},
	booktitle = {EMNLP},
	year      = {2010},
	address   = {Cambridge, MA},
	pages     = {377--387},
	url       = {http://www.aclweb.org/anthology/D10-1037}
}

@article{key:2010michel-googlebooks,
	author = {Michel, Jean-Baptiste and Shen, Yuan Kui and Aiden, Aviva Presser and Veres, Adrian and Gray, Matthew K. and The Google Books Team and Pickett, Joseph P. and Hoiberg, Dale and Clancy, Dan and Norvig, Peter and Orwant, Jon and Pinker, Steven and Nowak, Martin A. and Aiden, Erez Lieberman}, 
	title = {Quantitative Analysis of Culture Using Millions of Digitized Books}, 
	volume = {331}, 
	number = {6014}, 
	pages = {176-182}, 
	year = {2011}, 
	journal = {Science} ,
	URL = {http://www.sciencemag.org/content/331/6014/176.abstract}
}

%%%
% CORE ALGORITHMS
%%%
@inproceedings{key:2001lafferty-crf,
  title={Conditional random fields: Probabilistic models for segmenting and labeling sequence data},
  author={Lafferty, J. and McCallum, A. and Pereira, F},
	booktitle = {International Conference on Machine Learning (ICML)},
  year={2001}
}

@inproceedings{key:2007surdeanu-perceptron,
	author = {Surdeanu, M. and Ciaramita, M.},
	title = {Robust Information Extraction with Perceptrons},
	booktitle = {NIST Automatic Content Extraction Workshop},
	year = {2007},
	pages = {1--12},
}

@inproceedings{key:2002collins-perceptron,
	author = {Collins, Michael},
	title = {Discriminative training methods for hidden Markov models: theory and experiments with perceptron algorithms},
	booktitle = {EMNLP},
	series = {EMNLP},
	year = {2002},
	pages = {1--8},
	url = {http://dx.doi.org/10.3115/1118693.1118694},
} 

@article{key:1977tarjan-mst,
	author = {Tarjan, R. E.},
	title = {Finding optimum branchings},
	journal = {Networks},
	year = {1977},
	volume = {7},
	number = {1},
	pages = {25--35},
}

@article{key:1989gabow-mst,
	author = {Gabow, Harold N. and Galil, Zvi and Spencer, Thomas H.},
	title = {Efficient implementation of graph algorithms using contraction},
	journal = {J. ACM},
	volume = {36},
	year = {1989},
	pages = {540--572},
	publisher = {ACM},
	address = {New York, NY, USA},
	url = {http://doi.acm.org/10.1145/65950.65954},
} 

@article{key:1986gabow-mst,
	author = {Gabow, Harold and Galil, Zvi and Spencer, Thomas and Tarjan, Robert},
	title = {Efficient algorithms for finding minimum spanning trees in undirected and directed graphs},
	journal = {Combinatorica},
	publisher = {Springer Berlin / Heidelberg},
	pages = {109-122},
	volume = {6},
	year = {1986},
	url = {http://dx.doi.org/10.1007/BF02579168}
}

@inproceedings{key:1996alshawi-headautomata,
	author = {Alshawi, Hiyan},
	title = {Head automata and bilingual tiling: translation with minimal representations},
	booktitle = {ACL},
	year = {1996},
	pages = {167--176},
	url = {http://dx.doi.org/10.3115/981863.981886},
} 

@inproceedings{key:1999eisner-headautomata,
	author = 	 {Jason Eisner and Giorgio Satta},
	title = 	 {Efficient Parsing for Bilexical Context-Free Grammars and Head-Automaton Grammars},
	booktitle = 	 {ACL},
	year = 	 1999,
	pages =	 {457--464},
	address =	 {University of Maryland},
	url =          {http://cs.jhu.edu/~jason/papers/#acl99},
}

@incollection{key:2000eisner-parsing,
	author = 	 {Jason Eisner},
	title = 	 {Bilexical Grammars and Their Cubic-Time Parsing Algorithms},
	booktitle = 	 {Advances in Probabilistic and Other Parsing Technologies},
	publisher = 	 {Kluwer Academic Publishers},
	year = 	 2000,
	pages =        {29--62},
	editor =	 {Harry Bunt and Anton Nijholt},
	url =          {http://cs.jhu.edu/~jason/papers/#iwptbook00},
}

@article{key:2009daume-search,
	author = {Daum√©, Hal and Langford, John and Marcu, Daniel},
	title = {Search-based structured prediction},
	journal = {Machine Learning},
	publisher = {Springer Netherlands},
	pages = {297-325},
	volume = {75},
	note = {10.1007/s10994-009-5106-x},
	year = {2009},
	url = {http://dx.doi.org/10.1007/s10994-009-5106-x}
}
%%%
% COREFERENCE
%%%
@inproceedings{key:1995vilain-coref,
	author = {Vilain, Marc and Burger, John and Aberdeen, John and Connolly, Dennis and Hirschman, Lynette},
	title = {A model-theoretic coreference scoring scheme},
	booktitle = {Proceedings of the 6th conference on Message understanding},
	series = {MUC6},
	year = {1995},
	pages = {45--52},
	url = {http://dx.doi.org/10.3115/1072399.1072405},
}

%%%
% PARSING
%%%
@inproceedings{key:2004klein-induction,
	author = {Klein, Dan and Manning, Christopher D.},
	title = {Corpus-based induction of syntactic structure: models of dependency and constituency},
	booktitle = {ACL},
	year = {2004},
	url = {http://dx.doi.org/10.3115/1218955.1219016},
}

@techreport{key:1992carroll-induction,
	author = {Carroll, Glenn and Charniak, Eugene},
	title = {Two Experiments on Learning Probabilistic Dependency Grammars from Corpora},
	year = {1992},
	publisher = {Brown University},
	address = {Providence, RI, USA},
}	

@inproceedings{key:2005huang-parsing,
	author = {Huang, Liang and Chiang, David},
	title = {Better k-best parsing},
	booktitle = {Proceedings of the Ninth International Workshop on Parsing Technology},
	series = {Parsing},
	year = {2005},
	pages = {53--64},
	url = {http://portal.acm.org/citation.cfm?id=1654494.1654500},
}

@InProceedings{key:2006sagae-parsing,
	author    = {Sagae, Kenji  and  Lavie, Alon},
	title     = {Parser Combination by Reparsing},
	booktitle = {NAACL-HLT},
	year      = {2006},
	address   = {New York City, USA},
	pages     = {129--132},
url       = {http://www.aclweb.org/anthology/N/N06/N06-2033}
}

%%%
% DEPENDENCY PARSING
%%%
@InProceedings{key:2011tsarfaty-dependency,
  author    = {Tsarfaty, Reut  and  Nivre, Joakim  and  Andersson, Evelina},
  title     = {Evaluating Dependency Parsing: Robust and Heuristics-Free Cross-Annotation Evaluation},
  booktitle = {EMNLP},
  year      = {2011},
  address   = {Edinburgh, Scotland, UK.},
  pages     = {385--396},
  url       = {http://www.aclweb.org/anthology/D11-1036}
}

@inproceedings{key:2008carreras-dependency,
	author = {Carreras, Xavier and Collins, Michael and Koo, Terry},
	title = {{TAG}, dynamic programming, and the perceptron for efficient, feature-rich parsing},
	booktitle = {Proceedings of the Twelfth Conference on Computational Natural Language Learning},
	series = {CoNLL '08},
	year = {2008},
	pages = {9--16},
	url = {http://portal.acm.org/citation.cfm?id=1596324.1596327},
}

@phdthesis{key:2010koo-thesis,
	author = {Terry Koo},
	title = {Advances in Discriminative Dependency Parsing},
	school = {Massachusetts Institute of Technology},
	year = {2010},
	address = {Cambridge, MA, USA},
}

@inproceedings{key:2010koo-dependnecy0,
	author = {Koo, Terry and Collins, Michael},
	title = {Efficient third-order dependency parsers},
	booktitle = {ACL},
	year = {2010},
	pages = {1--11},
	url = {http://portal.acm.org/citation.cfm?id=1858681.1858682},
} 

@inproceedings{key:2010koo-dependency1,
	author    = {Koo, Terry  and  Rush, Alexander M.  and  Collins, Michael  and  Jaakkola, Tommi  and  Sontag, David},
	title     = {Dual Decomposition for Parsing with Non-Projective Head Automata},
	booktitle = {EMNLP},
	year      = {2010},
	address   = {Cambridge, MA},
	pages     = {1288--1298},
	url       = {http://www.aclweb.org/anthology/D10-1125}
}

@InProceedings{key:2007carreras-dependency,
	author    = {Carreras, Xavier},
	title     = {Experiments with a Higher-Order Projective Dependency Parser},
	booktitle = {EMNLP-CoNLL},
	year      = {2007},
	address   = {Prague, Czech Republic},
	pages     = {957--961},
	url       = {http://www.aclweb.org/anthology/D/D07/D07-1101}
}

@inproceedings{key:2007hall-dependency,
	author    = {Hall, Keith},
	title     = {K-best Spanning Tree Parsing},
	booktitle = {ACL},
	year      = {2007},
	address   = {Prague, Czech Republic},
	pages     = {392--399},
	url       = {http://www.aclweb.org/anthology/P07-1050}
}

@inproceedings{key:2005mcdonald-dependency0,
	author = {McDonald, Ryan and Crammer, Koby and Pereira, Fernando},
	title = {Online large-margin training of dependency parsers},
	booktitle = {ACL},
	year = {2005},
	pages = {91--98},
	address = {Morristown, NJ, USA},
	url = {http://dx.doi.org/10.3115/1219840.1219852},
}

@inproceedings{key:2005mcdonald-dependency1,
	author = {McDonald, Ryan and Pereira, Fernando and Ribarov, Kiril and Haji\v{c}, Jan},
	title = {Non-projective dependency parsing using spanning tree algorithms},
	booktitle = {EMNLP-HLT},
	series = {HLT},
	year = {2005},
	pages = {523--530},
	address = {Morristown, NJ, USA},
	url = {http://dx.doi.org/10.3115/1220575.1220641},
} 

%%%
% Word Clusters
%%%
@inproceedings{key:2010turian-wordclusters,
	author    = {Turian, Joseph  and  Ratinov, Lev-Arie  and  Bengio, Yoshua},
	title     = {Word Representations: A Simple and General Method for Semi-Supervised Learning},
	booktitle = {ACL},
	year      = {2010},
	address   = {Uppsala, Sweden},
	pages     = {384--394},
	url       = {http://www.aclweb.org/anthology/P10-1040}
}

@inproceedings{key:2010christodoulopoulos-wordclusters,
	author = {Christodoulopoulos, Christos and Goldwater, Sharon and Steedman, Mark},
	title = {Two decades of unsupervised {POS} induction: how far have we come?},
	booktitle = {EMNLP},
	series = {EMNLP},
	year = {2010},
	pages = {575--584},
	address = {Morristown, NJ, USA},
	url = {http://portal.acm.org/citation.cfm?id=1870658.1870714},
}

%%%
% Sentiment Analysis
%%%

% Core
@inproceedings{key:2004pang-mincuts,
	author = {Pang, Bo and Lee, Lillian},
	title = {A sentimental education: sentiment analysis using subjectivity summarization based on minimum cuts},
	booktitle = {ACL},
	year = {2004},
	pages = {271},
	address = {Morristown, NJ, USA},
}

% Summarization
@inproceedings{key:2008titov-summarization,
	author    = {Titov, Ivan  and  McDonald, Ryan},
	title     = {A Joint Model of Text and Aspect Ratings for Sentiment Summarization},
	booktitle = {ACL-HLT},
	year      = {2008},
	address   = {Columbus, Ohio},
	pages     = {308--316},
	url       = {http://www.aclweb.org/anthology/P/P08/P08-1036}
}

% Review Helpfulness

@inproceedings{key:2007ghose-helpfulness,
	author = {Ghose, Anindya and Ipeirotis, Panagiotis G.},
	title = {Designing novel review ranking systems: predicting the usefulness and impact of reviews},
	booktitle = {ICEC '07: Proceedings of the ninth international conference on Electronic commerce},
	year = {2007},
	isbn = {978-1-59593-700-1},
	pages = {303--310},
	publisher = {ACM},
	address = {New York, NY, USA},
}

@inproceedings{key:2008liu-helpfulness, 
	author={Yang Liu and Xiangji Huang and Aijun An and Xiaohui Yu}, 
	booktitle={Data Mining, 2008. ICDM '08. Eighth IEEE International Conference on}, title={Modeling and Predicting the Helpfulness of Online Reviews}, 
	year={2008}, 
	volume={}, 
	number={}, 
	pages={443 -452}, 
	ISSN={1550-4786}
}

@inproceedings{key:2007liu-helpfulness,
	author    = {Liu, Jingjing  and  Cao, Yunbo  and  Lin, Chin-Yew  and  Huang, Yalou  and  Zhou, Ming},
	title     = {Low-Quality Product Review Detection in Opinion Summarization},
	booktitle = {EMNLP-CoNLL},
	year      = {2007},
	address   = {Prague, Czech Republic},
	pages     = {334--342},
	url       = {http://www.aclweb.org/anthology/D/D07/D07-1035}
}

@inproceedings{key:2006kim-helpfulness,
	author    = {Kim, Soo-Min  and  Pantel, Patrick  and  Chklovski, Tim  and  Pennacchiotti, Marco},
	title     = {Automatically Assessing Review Helpfulness},
	booktitle = {EMNLP},
	year      = {2006},
	address   = {Sydney, Australia},
	pages     = {423--430},
	url       = {http://www.aclweb.org/anthology/W/W06/W06-1650}
}

% Sarcasm and Humor

@inproceedings{key:2010davidov-sarcasm,
	author    = {Davidov, Dmitry  and  Tsur, Oren  and  Rappoport, Ari},
	title     = {Semi-Supervised Recognition of Sarcasm in Twitter and Amazon},
	booktitle = {Proceedings of the Fourteenth Conference on Computational Natural Language Learning},
	year      = {2010},
	address   = {Uppsala, Sweden},
	pages     = {107--116},
	url       = {http://www.aclweb.org/anthology/W10-2914}
}

@inproceedings{key:2006purandare-humor,
	author    = {Purandare, Amruta  and  Litman, Diane},
	title     = {Humor: Prosody Analysis and Automatic Recognition for {F*R*I*E*N*D*S*}},
	booktitle = {EMNLP},
	year      = {2006},
	address   = {Sydney, Australia},
	pages     = {208--215},
	url       = {http://www.aclweb.org/anthology/W/W06/W06-1625}
}

@inproceedings{key:2005mihalcea-humor,
	author    = {Mihalcea, Rada  and  Strapparava, Carlo},
	title     = {Making Computers Laugh: Investigations in Automatic Humor Recognition},
	booktitle = {CoNLL},
	year      = {2005},
	address   = {Vancouver, British Columbia, Canada},
	pages     = {531--538},
	url       = {http://www.aclweb.org/anthology/H/H05/H05-1067}
}

@incollection{key:2007mihalcea-humor,
	author = {Mihalcea, Rada and Pulman, Stephen},
	title = {Characterizing Humour: An Exploration of Features in Humorous Texts},
	booktitle = {Computational Linguistics and Intelligent Text Processing},
	series = {Lecture Notes in Computer Science},
	editor = {Gelbukh, Alexander},
	publisher = {Springer Berlin / Heidelberg},
	pages = {337-347},
	volume = {4394},
	url = {http://dx.doi.org/10.1007/978-3-540-70939-8_30},
	note = {10.1007/978-3-540-70939-8_30},
	year = {2007}
}

%%%
% LINGUISTICS
%%%
@article{key:1986grosz-discourse,
	author = {Grosz, Barbara J. and Sidner, Candace L.},
	title = {Attention, intentions, and the structure of discourse},
	journal = {Comput. Linguist.},
	volume = {12},
	year = {1986},
	pages = {175--204},
	publisher = {MIT Press},
	address = {Cambridge, MA, USA},
	url = {http://portal.acm.org/citation.cfm?id=12457.12458},
}

%%%
% LOGIC PARSING
%%%
@inproceedings{key:1976bach-semantics,
	author = {Bach, E.},
	title = {An Extension of Classical Transformational Grammar},
	booktitle = {Problems of Linguistic Metatheory (Proceedings of the 1976 Conference)},
	year = {1976},
	address = {Michigan State University},
}

@InProceedings{2011kwiatkowski-semantics,
	author    = {Kwiatkowski, Tom  and  Zettlemoyer, Luke  and  Goldwater, Sharon  and  Steedman, Mark},
	title     = {Lexical Generalization in {CCG} Grammar Induction for Semantic Parsing},
	booktitle = {EMNLP},
	year      = {2011},
	address   = {Edinburgh, Scotland, UK.},
	pages     = {1512--1523},
	url       = {http://www.aclweb.org/anthology/D11-1140}
}

@inproceedings{key:2004bos-ccg,
	author    = {Bos, Johan  and  Clark, Stephen  and  Steedman, Mark  and  Curran, James R.  and  Hockenmaier, Julia},
	title     = {Wide-Coverage Semantic Representations from a {CCG} Parser },
	booktitle = {Proceedings of Coling},
	editor    = {},
	year      = 2004,
	address   = {Geneva, Switzerland},
	publisher = {COLING},
	pages     = {1240--1246}
}

@InProceedings{key:2005kate-semantics,
	title={Learning to Transform Natural to Formal Languages},
	author={Rohit J. Kate and Yuk Wah Wong and Raymond J. Mooney},
	booktitle={AAAI},
	address={Pittsburgh, PA},
	key={nll, semantic parsing},
	pages={1062-1068},
	year={2005},
	url="http://www.cs.utexas.edu/users/ai-lab/pub-view.php?PubID=51486"
}

@inproceedings{key:2008kate-semantics,
	title={Transforming Meaning Representation Grammars to Improve Semantic Parsing},
	author={Rohit J. Kate},
	booktitle={CoNLL},
	address={Manchester, UK},
	pages={33--40},
	year={2008},
	url="http://www.cs.utexas.edu/users/ai-lab/?kate:conll08"
}

@inproceedings{key:2011liang-semantics,
	title = {Learning Dependency-Based Compositional Semantics},
	author = {P. Liang and M. I. Jordan and D. Klein},
	booktitle = {ACL},
	year = {2011},
}

@inproceedings{key:2010clarke-semantics,
	author = {James Clarke and Dan Goldwasser and Ming-Wei Chang and Dan Roth},
	title = {Driving Semantic Parsing from the World's Response},
	booktitle = {CoNLL},
	pages = {18--27},
	year = {2010},
	address = {Uppsala, Sweden},
}

@book{key:1996steedman-ccg,
	author = {Steedman, M.},
	editor = {Mass, Cambridge},
	publisher = {MIT Press},
	title = {Surface Structure and Interpretation},
	year = {1996}
}

@book{key:2000steedman-ccg,
 author = {Steedman, Mark},
 title = {The syntactic process},
 year = {2000},
 publisher = {MIT Press},
 address = {Cambridge, MA, USA},
}

@inproceedings{key:2005zettlemoyer-semantics,
  author = {Zettlemoyer, Luke S. and Collins, Michael},
  booktitle = {UAI},
  pages = {658-666},
  publisher = {AUAI Press},
  title = {Learning to Map Sentences to Logical Form: Structured Classification with Probabilistic Categorial Grammars.},
  year = 2005,
  url = {http://dblp.uni-trier.de/db/conf/uai/uai2005.html#ZettlemoyerC05},
}

@inproceedings{key:2007zettlemoyer-semantics,
	author = {Luke S. Zettlemoyer and Michael Collins},
	title = {Online learning of relaxed {CCG} grammars for parsing to logical form},
	booktitle = {EMNLP-CoNLL},
	year = {2007},
	pages = {678--687}
}

@InProceedings{key:1996zelle-semantics,
	title={Learning to Parse Database Queries using Inductive Logic Programming},
	author={John M. Zelle and Raymond J. Mooney},
	booktitle={AAAI/IAAI},
	address={Portland, OR},
	pages={1050-1055},
	year={1996},
	url="http://www.cs.utexas.edu/users/ai-lab/pub-view.php?PubID=51437"
}

%%%
% TEMPORAL
%%%
@book{key:1947reichenback-temporal,
	title = {Elements of Symbolic Logic},
	author = {Hans Reichenbach},
	publisher = {Macmillan, New York},
	year = {1947}
}

@inproceedings{key:2012chang-temporal,
	author = {Chang, Angel and Manning, Chris},
	title = {{SUTIME:} A Library for Recognizing and Normalizing Time Expressions},
	booktitle = { Language Resources and Evaluation},
	year = {2012},
}

@incollection{key:2003saquete-temporal,
   author = {Saquete, E. and Mu√±oz, R. and Mart√≠nez-Barco, P.},
   title = {TERSEO: Temporal Expression Resolution System Applied to Event Ordering},
   booktitle = {Text, Speech and Dialogue},
   pages = {220-228},
   year = {2003}
}

@inproceedings{key:2004puscasu-temporal,
	author = {Puscasu, G.},
	title = {A Framework for Temporal Resolution},
	booktitle = {LREC},
	location = {Lisbon, Portugal},
	pages = {1901--1904},
	year = {2004},
}

@inproceedings{key:2010kolomiyets-temporal,
	author = {Kolomiyets, Oleksandr and Moens, Marie-Francine},
	title = {{KUL:} Recognition and normalization of temporal expressions},
	booktitle = {Proceedings of the 5th International Workshop on Semantic Evaluation},
	series = {{Sem-Eval} '10},
	year = {2010},
	pages = {325--328},
	url = {http://dl.acm.org/citation.cfm?id=1859664.1859736},
} 

@article{key:1991allen-temporal,
	author = {Allen, James F.},
	title = {Time and time again: The many ways to represent time},
	journal = {International Journal of Intelligent Systems},
	volume = {6},
	number = {4},
	publisher = {Wiley Subscription Services, Inc., A Wiley Company},
	pages = {341--355},
	year = {1991},
	url = {http://dx.doi.org/10.1002/int.4550060403},
}

@inproceedings{key:1981allen-temporal,
	author = {Allen, James F.},
	title = {An interval-based representation of temporal knowledge},
	booktitle = {Proceedings of the 7th international joint conference on Artificial intelligence},
	year = {1981},
	pages = {221--226},
	publisher = {Morgan Kaufmann Publishers Inc.},
	address = {San Francisco, CA, USA},
	url = {http://dl.acm.org/citation.cfm?id=1623156.1623200},
}

@article{key:1988moens-temporal,
	author = {Moens, Marc and Steedman, Mark},
	title = {Temporal ontology and temporal reference},
	journal = {Computational Linguistics},
	volume = {14},
	year = {1988},
	pages = {15--28},
	publisher = {MIT Press},
	address = {Cambridge, MA, USA},
	url = {http://portal.acm.org/citation.cfm?id=55056.55058},
}

@article{key:2010condoravdi-temporal,
   author = {Condoravdi, Cleo},
   title = {{NPI} licensing in temporal clauses},
   journal = {Natural Language and Linguistic Theory},
   publisher = {Springer Netherlands},
   pages = {877-910},
   volume = {28},
   year = {2010},
   url = {http://dx.doi.org/10.1007/s11049-010-9115-z}
}

@inproceedings{key:2010grover-temporal,
	author = {Grover, Claire and Tobin, Richard and Alex, Beatrice and Byrne, Kate},
	title = {Edinburgh-{LTG:} {TempEval-2} system description},
	booktitle = {Proceedings of the 5th International Workshop on Semantic Evaluation},
	series = {Sem-Eval},
	year = {2010},
	pages = {333--336},
	url = {http://dl.acm.org/citation.cfm?id=1859664.1859738},
}

@inproceedings{key:2010strotgen-temporal,
	author = {Str\"{o}tgen, Jannik and Gertz, Michael},
	title = {HeidelTime: High quality rule-based extraction and normalization of temporal expressions},
	booktitle = {Proceedings of the 5th International Workshop on Semantic Evaluation},
	series = {Sem-Eval},
	year = {2010},
	pages = {321--324},
	url = {http://dl.acm.org/citation.cfm?id=1859664.1859735},
}

@inproceedings{key:2010uzzaman-temporal,
	author = {UzZaman, Naushad and Allen, James F.},
	title = {{TRIPS} and {TRIOS} system for {TempEval-2}: Extracting temporal information from text},
	booktitle = {Proceedings of the 5th International Workshop on Semantic Evaluation},
	series = {Sem-Eval},
	year = {2010},
	pages = {276--283},
	url = {http://dl.acm.org/citation.cfm?id=1859664.1859726},
}

@InProceedings{key:2000mani-temporal,
	author    = {Inderjeet Mani  and  George Wilson},
	title     = {Robust Temporal Processing of News},
	booktitle = {ACL},
	year      = {2000},
	address   = {Hong Kong},
	pages     = {69--76},
	url       = {http://www.aclweb.org/anthology/P00-1010},
}

@InProceedings{key:2010verhagen-tempeval,
  author    = {Verhagen, Marc  and  Sauri, Roser  and  Caselli, Tommaso  and  Pustejovsky, James},
  title     = {SemEval-2010 Task 13: {TempEval-2}},
  booktitle = {Proceedings of the 5th International Workshop on Semantic Evaluation},
  year      = {2010},
  address   = {Uppsala, Sweden},
  pages     = {57--62},
  url       = {http://www.aclweb.org/anthology/S10-1010}
}

@inproceedings{key:2003pustejovsky-timeml,
    author = {James Pustejovsky and Jos√© Casta√±o and Robert Ingria and Roser Saur√≠ and Robert Gaizauskas and Andrea Setzer and Graham Katz},
    title = {Timeml: Robust specification of event and temporal expressions in text},
    booktitle = {in Fifth International Workshop on Computational Semantics (IWCS-5)},
    year = {2003}
}

%%%
% LEXICAL SEMANTICS
%%%
@InProceedings{key:2012das-lex,
  author    = {Das, Dipanjan  and  Smith, Noah A.},
  title     = {Graph-Based Lexicon Expansion with Sparsity-Inducing Penalties},
  booktitle = {NAACL-HLT},
  month     = {June},
  year      = {2012},
  address   = {Montr\'{e}al, Canada},
  publisher = {Association for Computational Linguistics},
  pages     = {677--687},
  url       = {http://www.aclweb.org/anthology/N12-1086}
}

%%%
% MACHINE LEARNING
%%%
@InProceedings{key:2012samdani-em,
  author    = {Samdani, Rajhans  and  Chang, Ming-Wei  and  Roth, Dan},
  title     = {Unified Expectation Maximization},
  booktitle = {NAACL-HLT},
  month     = {June},
  year      = {2012},
  address   = {Montr\'{e}al, Canada},
  publisher = {Association for Computational Linguistics},
  pages     = {688--698},
}


%%%
% Off Topic
%%%
@article{key:2012jenny-maps,
  title={Adaptive Composite Map Projections},
  author={Jenny, B.},
  journal={Visualization and Computer Graphics, IEEE Transactions on},
  volume={18},
  number={12},
  pages={2575--2582},
  year={2012},
  publisher={IEEE}
}

@book{key:1987snyder-maps,
  title={Map projections--A working manual},
  author={Snyder, J.P.},
  number={1395},
  year={1987},
  publisher={USGPO}
}

@misc{key:weisstein-albers,
    author   = {Weisstein, Eric W.},
    title    = {Albers Equal-Area Conic Projection},
    url      = {\url{http://mathworld.wolfram.com/AlbersEqual-AreaConicProjection.html}},
    note     = {Last visited on 12/12/2012},
}
